@article{kingsland,
    author  =   {Sharon Kingsland},
    title   =   {{A}lfred {J}. {L}otka and the origins of theoretical 
                population ecology},
    journal =   {Proceedings of the National Academy of Sciences of the United 
                States of America},
    volume  =   {112},
    number  =   {31},
    pages   =   {9493--9495},
    year    =   {2015},
    note    =   {Retrieved from:
                \url{https://www.jstor.org/stable/10.2307/26464246}}
}

@article{hoppensteadt,
    author  =   {Hoppensteadt, F.},
    title   =   {Predator-prey model},
    year    =   {2006},
    journal =   {Scholarpedia},
    volume  =   {1},
    number  =   {10},
    pages   =   {1563},
    doi     =   {10.4249/scholarpedia.1563},
    note    =   {Retrieved from: 
                \url{http://www.scholarpedia.org/article/Predator-prey_model}}
}

@article{wangersky,
    author  =   {Peter J. Wangersky},
    title   =   {{L}otka-{V}olterra Population Models},
    journal =   {Annual Review of Ecology and Systematics},
    volume  =   {9},
    pages   =   {189--218},
    year    =   {1978},
    note    =   {Retrieved from: \url{https://www.jstor.org/stable/2096748}}
}

@article{israel,
    author  =   {Giorgio Israel},
    title   =   {On the Contribution of {V}olterra and {L}otka to the 
                Development of Modern Biomathematics},
    journal =   {History and Philosophy of the Life Sciences},
    volume  =   {10},
    number  =   {1},
    pages   =   {37--49},
    year    =   {1988},
    note    =   {Retrieved from: \url{http://www.jstor.org/stable/23328998}}
}

@article{chauvet,
    author  =   {Erica Chauvet and Joseph E. Paullet and Joseph P. Previte and 
                Zac Walls},
    title   =   {A {L}otka-{V}olterra Three-Species Food Chain},
    journal =   {Mathematics Magazine},
    volume  =   {75},
    number  =   {4},
    pages   =   {243--255},
    year    =   {2002},
    note    =   {Retrieved from: \url{http://www.jstor.org/stable/3219158}}
}

@article{terman,
    author  =   {Terman, D. H. and Izhikevich, E. M.},
    title   =   {State space},
    year    =   {2008},
    journal =   {Scholarpedia},
    volume  =   {3},
    number  =   {3},
    pages   =   {1924},
    doi     =   {10.4249/scholarpedia.1924},
    note    =   {Retrieved from: 
                \url{http://www.scholarpedia.org/article/Phase_space}}
}

@book{kreyszig,
    author      = {Erwin Kreyszig},
    title       = {Advanced Engineering Mathematics},
    publisher   = {John Wiley \& Sons, Inc.},
    year        = {2011},
    edition     = {10},
}
