@article{a,
    author  =   {{Dr. Rahul Kher} and {Shivang Gohel}},
    title   =   {ABNORMALITY CLASSIFICATION OF {ECG} SIGNAL USING {DSP} 
        PROCESSOR},
    year    =   {2016},
    note    =   {Retrieved from \url{https://www.researchgate.net/publication/299441676_Abnormality_classification_of_ECG_signal_using_DSP_processor}}
}

@article{b,
    author  =   {Shinichi Goto and Mai Kimura and Yoshinori Katsumata and 
        Shinya Goto and Takashi Kamatani and Genki Ichihara and Seien Ko and 
        Junichi Sasaki and Keiichi Fukuda and Motoaki Sano},
    title   =   {Artificial intelligence to predict needs for urgent 
        revascularization from 12-leads electrocardiography in emergency 
        patients},
    year    =   {2019},
    journal =   {PLoS ONE},
    volume  =   {1},
    number  =   {14},
    doi     =   {10.1371/journal.pone.0210103},
    note    =   {\url{https://doi.org/10.1371/journal.pone.0210103}}
}

@article{c,
    author  =   {Jakub Parak and Jan Havlik},
    title   =   {{ECG} SIGNAL PROCESSING AND HEART RATE FREQUENCY DETECTION 
        METHODS},
    year    =   {2011},
    note    =   {Retrieved from \url{https://www.researchgate.net/publication/266281892_ECG_Signal_Processing_and_Heart_Rate_Frequency_Detection_Methods}}
}

@article{d,
    author  =   {{A. K. M Fazlul Haque} and {Md. Hanif Ali} and {M Adnan
        Kiber} and {Md. Tanvir Hasan}},
    title   =   {Automatic Feature Extraction of {ECG} Signal Using Fast
        Fourier Transform},
    year    =   {2009},
    note    =   {Retrieved from \url{https://www.researchgate.net/publication/295813369_Automatic_Feature_Extraction_of_ECG_Signal_Using_Fast_Fourier_Transform}}
}

@article{e,
    title   =   {Detection and classification of cardiovascular abnormalities 
        using {FFT} based multi-objective genetic algorithm},
    author  =   {{B. V. P Prasad} and Velusamy Parthasarathy},
    journal =   {Biotechnology \& Biotechnological Equipment},
    volume  =   {32},
    number  =   {1},
    pages   =   {183--193},
    year    =   {2018},
    doi     =   {10.1080/13102818.2017.1389303},
    note    =   {Retrieved from \url{https://www.tandfonline.com/doi/full/10.1080/13102818.2017.1389303#}}
}

@article{f,
    author  =   {S.C. Bera and B. Chakraborty and J.K. Ray},
    title   =   {A mathematical model for analysis of {ECG} waves in a
        normal subject},
    year    =   {2005},
    journal =   {Measurement},
    volume  =   {38},
    pages   =   {53--60},
    doi     =   {10.1016/j.measurement.2005.01.003},
    note    =   {Retrieved from \url{https://www.researchgate.net/publication/223280187_A_mathematical_model_for_analysis_of_ECG_waves_in_a_normal_subject}}
}

@article{g,
    author      = {Paul D. Myers and Benjamin M. Scirica and Collin M. Stultz},
    title       = {Machine Learning Improves Risk Stratifcation After Acute 
        Coronary Syndrome},
    publisher   = {Scientific Reports},
    year        = {2017},
    doi         = {10.1038/s41598-017-12951-x},
    note        = {Retrieved from \url{https://www.nature.com/articles/s41598-017-12951-x}}
}

@article{h,
    author  =   {{Yun Liu, BS} and {Zeeshan Syed, PhD} and {Benjamin M.
        Scirica, MD, MPH} and {David A. Morrow, MD, MPH} and {John V. Guttag,
        PhD} and {Collin M. Stultz, MD, PhD}},
    title   =   {{ECG} Morphological Variability in Beat Space for Risk 
        Stratification After Acute Coronary Syndrome},
    year    =   {2014},
    journal =   {J Am Heart Assoc.},
    doi     =   {10.1161/JAHA.114.000981},
    note    =   {Retrieved from \url{https://www.ahajournals.org/doi/10.1161/JAHA.114.000981}}
}

@article{i,
    title   =   {Multivariate functional clustering for the morphological 
        analysis of electrocardiograph curves},
    author  =   {Francesca Ieva and Anna M. Paganoni and Davide Pigoli and 
        Valeria Vitelli},
    year    =   {2013},
    journal =   {Journal of the Royal Statistical Society. Series C (Applied 
            Statistics)},
    volume  =   {62},
    number  =   {3},
    pages   =   {401--418},
    note    =   {\url{https://www.jstor.org/stable/24771812}}
}

@article{j,
    title   =   {Quantification of Myocardial Infarction: Template Model for 
        Serial Creatine Kinase Analysis},
    author  =   {P W Armstrong and D G Watts and D C Hamilton and M A Chiong
        and J O Parker},
    year    =   {1979},
    journal =   {Circulation},
    volume  =   {60},
    number  =   {4},
    pages   =   {856--865},
    doi     =   {10.1161/01.CIR.60.4.856},
    note    =   {Retrieved from \url{https://www.ahajournals.org/doi/10.1161/01.CIR.60.4.856}}
}

@article{k,
    title   =   {Signal Processing Methods for Heart Rate Variability},
    author  =   {Gari D. Clifford},
    year    =   {2002},
    note    =   {Retrieved from \url{http://www.ibme.ox.ac.uk/research/biomedical-signal-processing-instrumentation/prof-l-tarassenko/publications/pdf/gdcliffordthesis.pdf}}
}
